<record><leader>00000cas a22000007a 4500</leader><controlfield tag="001">12926220</controlfield><controlfield tag="008">851217d192u197uwvumr ne      0    0eng d</controlfield><datafield ind1=" " ind2=" " tag="010"><subfield code="a">sn 85059869 </subfield></datafield><datafield ind1=" " ind2=" " tag="040"><subfield code="a">WVC</subfield><subfield code="b">eng</subfield><subfield code="c">WVC</subfield><subfield code="d">OCL</subfield><subfield code="d">OCLCQ</subfield></datafield><datafield ind1=" " ind2=" " tag="042"><subfield code="a">msc</subfield></datafield><datafield ind1="0" ind2="0" tag="245"><subfield code="a">Union Mission news.</subfield></datafield><datafield ind1=" " ind2=" " tag="260"><subfield code="a">Charleston, W. Va. :</subfield><subfield code="b">Union Mission</subfield></datafield><datafield ind1=" " ind2=" " tag="300"><subfield code="a">v.</subfield></datafield><datafield ind1=" " ind2=" " tag="310"><subfield code="a">Monthly</subfield></datafield><datafield ind1="1" ind2=" " tag="362"><subfield code="a">Began in the 1920's.</subfield></datafield><datafield ind1=" " ind2=" " tag="500"><subfield code="a">"Pat B. Withrow, Founder."</subfield></datafield><datafield ind1=" " ind2=" " tag="500"><subfield code="a">Sometime during the late 1970's, the format changed to that of a periodical published ten times a year.</subfield></datafield><datafield ind1=" " ind2=" " tag="500"><subfield code="a">Editor: Clyde H. Murdock.</subfield></datafield><datafield ind1=" " ind2=" " tag="588"><subfield code="a">Description based on: Vol. 13, no. 5 (Mar., 1942).</subfield></datafield><datafield ind1=" " ind2=" " tag="752"><subfield code="a">United States</subfield><subfield code="b">West Virginia</subfield><subfield code="c">Kanawha</subfield><subfield code="d">Charleston.</subfield></datafield></record>